%YAML 1.1
%TAG !u! tag:unity3d.com,2011:
--- !u!1 &1916042342029361498
GameObject:
  m_ObjectHideFlags: 0
  m_CorrespondingSourceObject: {fileID: 0}
  m_PrefabInstance: {fileID: 0}
  m_PrefabAsset: {fileID: 0}
  serializedVersion: 6
  m_Component:
  - component: {fileID: 1916042342029361501}
  - component: {fileID: 4011830249773756343}
  m_Layer: 0
  m_Name: Wave0
  m_TagString: wave
  m_Icon: {fileID: 0}
  m_NavMeshLayer: 0
  m_StaticEditorFlags: 0
  m_IsActive: 0
--- !u!4 &1916042342029361501
Transform:
  m_ObjectHideFlags: 0
  m_CorrespondingSourceObject: {fileID: 0}
  m_PrefabInstance: {fileID: 0}
  m_PrefabAsset: {fileID: 0}
  m_GameObject: {fileID: 1916042342029361498}
  m_LocalRotation: {x: 0, y: 0, z: 0, w: 1}
  m_LocalPosition: {x: 0.1, y: 2.91, z: 0}
  m_LocalScale: {x: 1, y: 1, z: 1}
  m_Children:
  - {fileID: 231177976422265983}
  - {fileID: 231177976365686260}
  - {fileID: 231177976535705027}
  - {fileID: 231177976978678974}
  - {fileID: 231177976773690961}
  - {fileID: 231177977322439180}
  - {fileID: 231177976706155599}
  - {fileID: 7618388765646875771}
  - {fileID: 2902746009885085433}
  - {fileID: 7949334489558989715}
  - {fileID: 3405941280552809044}
  - {fileID: 7647980238735800954}
  - {fileID: 4496219384719884784}
  - {fileID: 4036399772356001386}
  - {fileID: 3095585471687406719}
  - {fileID: 5053319225427688353}
  - {fileID: 5759865577010821624}
  - {fileID: 8551850330862768920}
  - {fileID: 5840043046030325722}
  - {fileID: 5454726041926506013}
  - {fileID: 7902495822334843667}
  - {fileID: 7231132740823436246}
  - {fileID: 1024177307273978390}
  - {fileID: 8277929267019529304}
  m_Father: {fileID: 0}
  m_RootOrder: 0
  m_LocalEulerAnglesHint: {x: 0, y: 0, z: 0}
--- !u!114 &4011830249773756343
MonoBehaviour:
  m_ObjectHideFlags: 0
  m_CorrespondingSourceObject: {fileID: 0}
  m_PrefabInstance: {fileID: 0}
  m_PrefabAsset: {fileID: 0}
  m_GameObject: {fileID: 1916042342029361498}
  m_Enabled: 1
  m_EditorHideFlags: 0
  m_Script: {fileID: 11500000, guid: 8cd9336d6c9b4e8458f9d0464a6a5f4d, type: 3}
  m_Name: 
  m_EditorClassIdentifier: 
  enemise: []
--- !u!1001 &1699249776364101601
PrefabInstance:
  m_ObjectHideFlags: 0
  serializedVersion: 2
  m_Modification:
    m_TransformParent: {fileID: 1916042342029361501}
    m_Modifications:
    - target: {fileID: 1847154789273370099, guid: aef2ab55c8abe8a488b394a411803c50,
        type: 3}
      propertyPath: m_Name
      value: Staphylococcus aureus (22)
      objectReference: {fileID: 0}
    - target: {fileID: 1847154789273370103, guid: aef2ab55c8abe8a488b394a411803c50,
        type: 3}
      propertyPath: m_LocalPosition.x
      value: 0.04
      objectReference: {fileID: 0}
    - target: {fileID: 1847154789273370103, guid: aef2ab55c8abe8a488b394a411803c50,
        type: 3}
      propertyPath: m_LocalPosition.y
      value: 3.33
      objectReference: {fileID: 0}
    - target: {fileID: 1847154789273370103, guid: aef2ab55c8abe8a488b394a411803c50,
        type: 3}
      propertyPath: m_LocalPosition.z
      value: 0
      objectReference: {fileID: 0}
    - target: {fileID: 1847154789273370103, guid: aef2ab55c8abe8a488b394a411803c50,
        type: 3}
      propertyPath: m_LocalRotation.x
      value: -0
      objectReference: {fileID: 0}
    - target: {fileID: 1847154789273370103, guid: aef2ab55c8abe8a488b394a411803c50,
        type: 3}
      propertyPath: m_LocalRotation.y
      value: -0
      objectReference: {fileID: 0}
    - target: {fileID: 1847154789273370103, guid: aef2ab55c8abe8a488b394a411803c50,
        type: 3}
      propertyPath: m_LocalRotation.z
      value: -0
      objectReference: {fileID: 0}
    - target: {fileID: 1847154789273370103, guid: aef2ab55c8abe8a488b394a411803c50,
        type: 3}
      propertyPath: m_LocalRotation.w
      value: 1
      objectReference: {fileID: 0}
    - target: {fileID: 1847154789273370103, guid: aef2ab55c8abe8a488b394a411803c50,
        type: 3}
      propertyPath: m_RootOrder
      value: 22
      objectReference: {fileID: 0}
    - target: {fileID: 1847154789273370103, guid: aef2ab55c8abe8a488b394a411803c50,
        type: 3}
      propertyPath: m_LocalEulerAnglesHint.x
      value: 0
      objectReference: {fileID: 0}
    - target: {fileID: 1847154789273370103, guid: aef2ab55c8abe8a488b394a411803c50,
        type: 3}
      propertyPath: m_LocalEulerAnglesHint.y
      value: 0
      objectReference: {fileID: 0}
    - target: {fileID: 1847154789273370103, guid: aef2ab55c8abe8a488b394a411803c50,
        type: 3}
      propertyPath: m_LocalEulerAnglesHint.z
      value: 0
      objectReference: {fileID: 0}
    - target: {fileID: 1847154789273370100, guid: aef2ab55c8abe8a488b394a411803c50,
        type: 3}
      propertyPath: canShoot
      value: 0
      objectReference: {fileID: 0}
    m_RemovedComponents: []
  m_SourcePrefab: {fileID: 100100000, guid: aef2ab55c8abe8a488b394a411803c50, type: 3}
--- !u!4 &1024177307273978390 stripped
Transform:
  m_CorrespondingSourceObject: {fileID: 1847154789273370103, guid: aef2ab55c8abe8a488b394a411803c50,
    type: 3}
  m_PrefabInstance: {fileID: 1699249776364101601}
  m_PrefabAsset: {fileID: 0}
--- !u!1001 &1916042341083734019
PrefabInstance:
  m_ObjectHideFlags: 0
  serializedVersion: 2
  m_Modification:
    m_TransformParent: {fileID: 1916042342029361501}
    m_Modifications:
    - target: {fileID: 1847154789273370099, guid: aef2ab55c8abe8a488b394a411803c50,
        type: 3}
      propertyPath: m_Name
      value: Staphylococcus aureus (1)
      objectReference: {fileID: 0}
    - target: {fileID: 1847154789273370103, guid: aef2ab55c8abe8a488b394a411803c50,
        type: 3}
      propertyPath: m_LocalPosition.x
      value: -0.63
      objectReference: {fileID: 0}
    - target: {fileID: 1847154789273370103, guid: aef2ab55c8abe8a488b394a411803c50,
        type: 3}
      propertyPath: m_LocalPosition.y
      value: 0.47000003
      objectReference: {fileID: 0}
    - target: {fileID: 1847154789273370103, guid: aef2ab55c8abe8a488b394a411803c50,
        type: 3}
      propertyPath: m_LocalPosition.z
      value: 0
      objectReference: {fileID: 0}
    - target: {fileID: 1847154789273370103, guid: aef2ab55c8abe8a488b394a411803c50,
        type: 3}
      propertyPath: m_LocalRotation.x
      value: -0
      objectReference: {fileID: 0}
    - target: {fileID: 1847154789273370103, guid: aef2ab55c8abe8a488b394a411803c50,
        type: 3}
      propertyPath: m_LocalRotation.y
      value: -0
      objectReference: {fileID: 0}
    - target: {fileID: 1847154789273370103, guid: aef2ab55c8abe8a488b394a411803c50,
        type: 3}
      propertyPath: m_LocalRotation.z
      value: -0
      objectReference: {fileID: 0}
    - target: {fileID: 1847154789273370103, guid: aef2ab55c8abe8a488b394a411803c50,
        type: 3}
      propertyPath: m_LocalRotation.w
      value: 1
      objectReference: {fileID: 0}
    - target: {fileID: 1847154789273370103, guid: aef2ab55c8abe8a488b394a411803c50,
        type: 3}
      propertyPath: m_RootOrder
      value: 1
      objectReference: {fileID: 0}
    - target: {fileID: 1847154789273370103, guid: aef2ab55c8abe8a488b394a411803c50,
        type: 3}
      propertyPath: m_LocalEulerAnglesHint.x
      value: 0
      objectReference: {fileID: 0}
    - target: {fileID: 1847154789273370103, guid: aef2ab55c8abe8a488b394a411803c50,
        type: 3}
      propertyPath: m_LocalEulerAnglesHint.y
      value: 0
      objectReference: {fileID: 0}
    - target: {fileID: 1847154789273370103, guid: aef2ab55c8abe8a488b394a411803c50,
        type: 3}
      propertyPath: m_LocalEulerAnglesHint.z
      value: 0
      objectReference: {fileID: 0}
    - target: {fileID: 1847154789273370100, guid: aef2ab55c8abe8a488b394a411803c50,
        type: 3}
      propertyPath: canShoot
      value: 0
      objectReference: {fileID: 0}
    m_RemovedComponents: []
  m_SourcePrefab: {fileID: 100100000, guid: aef2ab55c8abe8a488b394a411803c50, type: 3}
--- !u!4 &231177976365686260 stripped
Transform:
  m_CorrespondingSourceObject: {fileID: 1847154789273370103, guid: aef2ab55c8abe8a488b394a411803c50,
    type: 3}
  m_PrefabInstance: {fileID: 1916042341083734019}
  m_PrefabAsset: {fileID: 0}
--- !u!1001 &1916042341157046664
PrefabInstance:
  m_ObjectHideFlags: 0
  serializedVersion: 2
  m_Modification:
    m_TransformParent: {fileID: 1916042342029361501}
    m_Modifications:
    - target: {fileID: 1847154789273370099, guid: aef2ab55c8abe8a488b394a411803c50,
        type: 3}
      propertyPath: m_Name
      value: Staphylococcus aureus
      objectReference: {fileID: 0}
    - target: {fileID: 1847154789273370103, guid: aef2ab55c8abe8a488b394a411803c50,
        type: 3}
      propertyPath: m_LocalPosition.x
      value: 0.017926604
      objectReference: {fileID: 0}
    - target: {fileID: 1847154789273370103, guid: aef2ab55c8abe8a488b394a411803c50,
        type: 3}
      propertyPath: m_LocalPosition.y
      value: -0.018286467
      objectReference: {fileID: 0}
    - target: {fileID: 1847154789273370103, guid: aef2ab55c8abe8a488b394a411803c50,
        type: 3}
      propertyPath: m_LocalPosition.z
      value: 0
      objectReference: {fileID: 0}
    - target: {fileID: 1847154789273370103, guid: aef2ab55c8abe8a488b394a411803c50,
        type: 3}
      propertyPath: m_LocalRotation.x
      value: -0
      objectReference: {fileID: 0}
    - target: {fileID: 1847154789273370103, guid: aef2ab55c8abe8a488b394a411803c50,
        type: 3}
      propertyPath: m_LocalRotation.y
      value: -0
      objectReference: {fileID: 0}
    - target: {fileID: 1847154789273370103, guid: aef2ab55c8abe8a488b394a411803c50,
        type: 3}
      propertyPath: m_LocalRotation.z
      value: -0
      objectReference: {fileID: 0}
    - target: {fileID: 1847154789273370103, guid: aef2ab55c8abe8a488b394a411803c50,
        type: 3}
      propertyPath: m_LocalRotation.w
      value: 1
      objectReference: {fileID: 0}
    - target: {fileID: 1847154789273370103, guid: aef2ab55c8abe8a488b394a411803c50,
        type: 3}
      propertyPath: m_RootOrder
      value: 0
      objectReference: {fileID: 0}
    - target: {fileID: 1847154789273370103, guid: aef2ab55c8abe8a488b394a411803c50,
        type: 3}
      propertyPath: m_LocalEulerAnglesHint.x
      value: 0
      objectReference: {fileID: 0}
    - target: {fileID: 1847154789273370103, guid: aef2ab55c8abe8a488b394a411803c50,
        type: 3}
      propertyPath: m_LocalEulerAnglesHint.y
      value: 0
      objectReference: {fileID: 0}
    - target: {fileID: 1847154789273370103, guid: aef2ab55c8abe8a488b394a411803c50,
        type: 3}
      propertyPath: m_LocalEulerAnglesHint.z
      value: 0
      objectReference: {fileID: 0}
    - target: {fileID: 1847154789273370100, guid: aef2ab55c8abe8a488b394a411803c50,
        type: 3}
      propertyPath: canShoot
      value: 0
      objectReference: {fileID: 0}
    m_RemovedComponents: []
  m_SourcePrefab: {fileID: 100100000, guid: aef2ab55c8abe8a488b394a411803c50, type: 3}
--- !u!4 &231177976422265983 stripped
Transform:
  m_CorrespondingSourceObject: {fileID: 1847154789273370103, guid: aef2ab55c8abe8a488b394a411803c50,
    type: 3}
  m_PrefabInstance: {fileID: 1916042341157046664}
  m_PrefabAsset: {fileID: 0}
--- !u!1001 &1916042341177694260
PrefabInstance:
  m_ObjectHideFlags: 0
  serializedVersion: 2
  m_Modification:
    m_TransformParent: {fileID: 1916042342029361501}
    m_Modifications:
    - target: {fileID: 1847154789273370099, guid: aef2ab55c8abe8a488b394a411803c50,
        type: 3}
      propertyPath: m_Name
      value: Staphylococcus aureus (2)
      objectReference: {fileID: 0}
    - target: {fileID: 1847154789273370103, guid: aef2ab55c8abe8a488b394a411803c50,
        type: 3}
      propertyPath: m_LocalPosition.x
      value: 0.07999998
      objectReference: {fileID: 0}
    - target: {fileID: 1847154789273370103, guid: aef2ab55c8abe8a488b394a411803c50,
        type: 3}
      propertyPath: m_LocalPosition.y
      value: 0.80999994
      objectReference: {fileID: 0}
    - target: {fileID: 1847154789273370103, guid: aef2ab55c8abe8a488b394a411803c50,
        type: 3}
      propertyPath: m_LocalPosition.z
      value: 0
      objectReference: {fileID: 0}
    - target: {fileID: 1847154789273370103, guid: aef2ab55c8abe8a488b394a411803c50,
        type: 3}
      propertyPath: m_LocalRotation.x
      value: -0
      objectReference: {fileID: 0}
    - target: {fileID: 1847154789273370103, guid: aef2ab55c8abe8a488b394a411803c50,
        type: 3}
      propertyPath: m_LocalRotation.y
      value: -0
      objectReference: {fileID: 0}
    - target: {fileID: 1847154789273370103, guid: aef2ab55c8abe8a488b394a411803c50,
        type: 3}
      propertyPath: m_LocalRotation.z
      value: -0
      objectReference: {fileID: 0}
    - target: {fileID: 1847154789273370103, guid: aef2ab55c8abe8a488b394a411803c50,
        type: 3}
      propertyPath: m_LocalRotation.w
      value: 1
      objectReference: {fileID: 0}
    - target: {fileID: 1847154789273370103, guid: aef2ab55c8abe8a488b394a411803c50,
        type: 3}
      propertyPath: m_RootOrder
      value: 2
      objectReference: {fileID: 0}
    - target: {fileID: 1847154789273370103, guid: aef2ab55c8abe8a488b394a411803c50,
        type: 3}
      propertyPath: m_LocalEulerAnglesHint.x
      value: 0
      objectReference: {fileID: 0}
    - target: {fileID: 1847154789273370103, guid: aef2ab55c8abe8a488b394a411803c50,
        type: 3}
      propertyPath: m_LocalEulerAnglesHint.y
      value: 0
      objectReference: {fileID: 0}
    - target: {fileID: 1847154789273370103, guid: aef2ab55c8abe8a488b394a411803c50,
        type: 3}
      propertyPath: m_LocalEulerAnglesHint.z
      value: 0
      objectReference: {fileID: 0}
    - target: {fileID: 1847154789273370100, guid: aef2ab55c8abe8a488b394a411803c50,
        type: 3}
      propertyPath: canShoot
      value: 0
      objectReference: {fileID: 0}
    m_RemovedComponents: []
  m_SourcePrefab: {fileID: 100100000, guid: aef2ab55c8abe8a488b394a411803c50, type: 3}
--- !u!4 &231177976535705027 stripped
Transform:
  m_CorrespondingSourceObject: {fileID: 1847154789273370103, guid: aef2ab55c8abe8a488b394a411803c50,
    type: 3}
  m_PrefabInstance: {fileID: 1916042341177694260}
  m_PrefabAsset: {fileID: 0}
--- !u!1001 &1916042341416319416
PrefabInstance:
  m_ObjectHideFlags: 0
  serializedVersion: 2
  m_Modification:
    m_TransformParent: {fileID: 1916042342029361501}
    m_Modifications:
    - target: {fileID: 1847154789273370099, guid: aef2ab55c8abe8a488b394a411803c50,
        type: 3}
      propertyPath: m_Name
      value: Staphylococcus aureus (6)
      objectReference: {fileID: 0}
    - target: {fileID: 1847154789273370103, guid: aef2ab55c8abe8a488b394a411803c50,
        type: 3}
      propertyPath: m_LocalPosition.x
      value: -0.75
      objectReference: {fileID: 0}
    - target: {fileID: 1847154789273370103, guid: aef2ab55c8abe8a488b394a411803c50,
        type: 3}
      propertyPath: m_LocalPosition.y
      value: -0.32999992
      objectReference: {fileID: 0}
    - target: {fileID: 1847154789273370103, guid: aef2ab55c8abe8a488b394a411803c50,
        type: 3}
      propertyPath: m_LocalPosition.z
      value: 0
      objectReference: {fileID: 0}
    - target: {fileID: 1847154789273370103, guid: aef2ab55c8abe8a488b394a411803c50,
        type: 3}
      propertyPath: m_LocalRotation.x
      value: -0
      objectReference: {fileID: 0}
    - target: {fileID: 1847154789273370103, guid: aef2ab55c8abe8a488b394a411803c50,
        type: 3}
      propertyPath: m_LocalRotation.y
      value: -0
      objectReference: {fileID: 0}
    - target: {fileID: 1847154789273370103, guid: aef2ab55c8abe8a488b394a411803c50,
        type: 3}
      propertyPath: m_LocalRotation.z
      value: -0
      objectReference: {fileID: 0}
    - target: {fileID: 1847154789273370103, guid: aef2ab55c8abe8a488b394a411803c50,
        type: 3}
      propertyPath: m_LocalRotation.w
      value: 1
      objectReference: {fileID: 0}
    - target: {fileID: 1847154789273370103, guid: aef2ab55c8abe8a488b394a411803c50,
        type: 3}
      propertyPath: m_RootOrder
      value: 6
      objectReference: {fileID: 0}
    - target: {fileID: 1847154789273370103, guid: aef2ab55c8abe8a488b394a411803c50,
        type: 3}
      propertyPath: m_LocalEulerAnglesHint.x
      value: 0
      objectReference: {fileID: 0}
    - target: {fileID: 1847154789273370103, guid: aef2ab55c8abe8a488b394a411803c50,
        type: 3}
      propertyPath: m_LocalEulerAnglesHint.y
      value: 0
      objectReference: {fileID: 0}
    - target: {fileID: 1847154789273370103, guid: aef2ab55c8abe8a488b394a411803c50,
        type: 3}
      propertyPath: m_LocalEulerAnglesHint.z
      value: 0
      objectReference: {fileID: 0}
    - target: {fileID: 1847154789273370100, guid: aef2ab55c8abe8a488b394a411803c50,
        type: 3}
      propertyPath: canShoot
      value: 0
      objectReference: {fileID: 0}
    m_RemovedComponents: []
  m_SourcePrefab: {fileID: 100100000, guid: aef2ab55c8abe8a488b394a411803c50, type: 3}
--- !u!4 &231177976706155599 stripped
Transform:
  m_CorrespondingSourceObject: {fileID: 1847154789273370103, guid: aef2ab55c8abe8a488b394a411803c50,
    type: 3}
  m_PrefabInstance: {fileID: 1916042341416319416}
  m_PrefabAsset: {fileID: 0}
--- !u!1001 &1916042341482871718
PrefabInstance:
  m_ObjectHideFlags: 0
  serializedVersion: 2
  m_Modification:
    m_TransformParent: {fileID: 1916042342029361501}
    m_Modifications:
    - target: {fileID: 1847154789273370099, guid: aef2ab55c8abe8a488b394a411803c50,
        type: 3}
      propertyPath: m_Name
      value: Staphylococcus aureus (4)
      objectReference: {fileID: 0}
    - target: {fileID: 1847154789273370103, guid: aef2ab55c8abe8a488b394a411803c50,
        type: 3}
      propertyPath: m_LocalPosition.x
      value: 0.67
      objectReference: {fileID: 0}
    - target: {fileID: 1847154789273370103, guid: aef2ab55c8abe8a488b394a411803c50,
        type: 3}
      propertyPath: m_LocalPosition.y
      value: -0.52
      objectReference: {fileID: 0}
    - target: {fileID: 1847154789273370103, guid: aef2ab55c8abe8a488b394a411803c50,
        type: 3}
      propertyPath: m_LocalPosition.z
      value: 0
      objectReference: {fileID: 0}
    - target: {fileID: 1847154789273370103, guid: aef2ab55c8abe8a488b394a411803c50,
        type: 3}
      propertyPath: m_LocalRotation.x
      value: -0
      objectReference: {fileID: 0}
    - target: {fileID: 1847154789273370103, guid: aef2ab55c8abe8a488b394a411803c50,
        type: 3}
      propertyPath: m_LocalRotation.y
      value: -0
      objectReference: {fileID: 0}
    - target: {fileID: 1847154789273370103, guid: aef2ab55c8abe8a488b394a411803c50,
        type: 3}
      propertyPath: m_LocalRotation.z
      value: -0
      objectReference: {fileID: 0}
    - target: {fileID: 1847154789273370103, guid: aef2ab55c8abe8a488b394a411803c50,
        type: 3}
      propertyPath: m_LocalRotation.w
      value: 1
      objectReference: {fileID: 0}
    - target: {fileID: 1847154789273370103, guid: aef2ab55c8abe8a488b394a411803c50,
        type: 3}
      propertyPath: m_RootOrder
      value: 4
      objectReference: {fileID: 0}
    - target: {fileID: 1847154789273370103, guid: aef2ab55c8abe8a488b394a411803c50,
        type: 3}
      propertyPath: m_LocalEulerAnglesHint.x
      value: 0
      objectReference: {fileID: 0}
    - target: {fileID: 1847154789273370103, guid: aef2ab55c8abe8a488b394a411803c50,
        type: 3}
      propertyPath: m_LocalEulerAnglesHint.y
      value: 0
      objectReference: {fileID: 0}
    - target: {fileID: 1847154789273370103, guid: aef2ab55c8abe8a488b394a411803c50,
        type: 3}
      propertyPath: m_LocalEulerAnglesHint.z
      value: 0
      objectReference: {fileID: 0}
    - target: {fileID: 1847154789273370100, guid: aef2ab55c8abe8a488b394a411803c50,
        type: 3}
      propertyPath: canShoot
      value: 0
      objectReference: {fileID: 0}
    m_RemovedComponents: []
  m_SourcePrefab: {fileID: 100100000, guid: aef2ab55c8abe8a488b394a411803c50, type: 3}
--- !u!4 &231177976773690961 stripped
Transform:
  m_CorrespondingSourceObject: {fileID: 1847154789273370103, guid: aef2ab55c8abe8a488b394a411803c50,
    type: 3}
  m_PrefabInstance: {fileID: 1916042341482871718}
  m_PrefabAsset: {fileID: 0}
--- !u!1001 &1916042341680535881
PrefabInstance:
  m_ObjectHideFlags: 0
  serializedVersion: 2
  m_Modification:
    m_TransformParent: {fileID: 1916042342029361501}
    m_Modifications:
    - target: {fileID: 1847154789273370099, guid: aef2ab55c8abe8a488b394a411803c50,
        type: 3}
      propertyPath: m_Name
      value: Staphylococcus aureus (3)
      objectReference: {fileID: 0}
    - target: {fileID: 1847154789273370103, guid: aef2ab55c8abe8a488b394a411803c50,
        type: 3}
      propertyPath: m_LocalPosition.x
      value: 0.74999994
      objectReference: {fileID: 0}
    - target: {fileID: 1847154789273370103, guid: aef2ab55c8abe8a488b394a411803c50,
        type: 3}
      propertyPath: m_LocalPosition.y
      value: 0.28999996
      objectReference: {fileID: 0}
    - target: {fileID: 1847154789273370103, guid: aef2ab55c8abe8a488b394a411803c50,
        type: 3}
      propertyPath: m_LocalPosition.z
      value: 0
      objectReference: {fileID: 0}
    - target: {fileID: 1847154789273370103, guid: aef2ab55c8abe8a488b394a411803c50,
        type: 3}
      propertyPath: m_LocalRotation.x
      value: -0
      objectReference: {fileID: 0}
    - target: {fileID: 1847154789273370103, guid: aef2ab55c8abe8a488b394a411803c50,
        type: 3}
      propertyPath: m_LocalRotation.y
      value: -0
      objectReference: {fileID: 0}
    - target: {fileID: 1847154789273370103, guid: aef2ab55c8abe8a488b394a411803c50,
        type: 3}
      propertyPath: m_LocalRotation.z
      value: -0
      objectReference: {fileID: 0}
    - target: {fileID: 1847154789273370103, guid: aef2ab55c8abe8a488b394a411803c50,
        type: 3}
      propertyPath: m_LocalRotation.w
      value: 1
      objectReference: {fileID: 0}
    - target: {fileID: 1847154789273370103, guid: aef2ab55c8abe8a488b394a411803c50,
        type: 3}
      propertyPath: m_RootOrder
      value: 3
      objectReference: {fileID: 0}
    - target: {fileID: 1847154789273370103, guid: aef2ab55c8abe8a488b394a411803c50,
        type: 3}
      propertyPath: m_LocalEulerAnglesHint.x
      value: 0
      objectReference: {fileID: 0}
    - target: {fileID: 1847154789273370103, guid: aef2ab55c8abe8a488b394a411803c50,
        type: 3}
      propertyPath: m_LocalEulerAnglesHint.y
      value: 0
      objectReference: {fileID: 0}
    - target: {fileID: 1847154789273370103, guid: aef2ab55c8abe8a488b394a411803c50,
        type: 3}
      propertyPath: m_LocalEulerAnglesHint.z
      value: 0
      objectReference: {fileID: 0}
    - target: {fileID: 1847154789273370100, guid: aef2ab55c8abe8a488b394a411803c50,
        type: 3}
      propertyPath: canShoot
      value: 0
      objectReference: {fileID: 0}
    m_RemovedComponents: []
  m_SourcePrefab: {fileID: 100100000, guid: aef2ab55c8abe8a488b394a411803c50, type: 3}
--- !u!4 &231177976978678974 stripped
Transform:
  m_CorrespondingSourceObject: {fileID: 1847154789273370103, guid: aef2ab55c8abe8a488b394a411803c50,
    type: 3}
  m_PrefabInstance: {fileID: 1916042341680535881}
  m_PrefabAsset: {fileID: 0}
--- !u!1001 &1916042342007996411
PrefabInstance:
  m_ObjectHideFlags: 0
  serializedVersion: 2
  m_Modification:
    m_TransformParent: {fileID: 1916042342029361501}
    m_Modifications:
    - target: {fileID: 1847154789273370099, guid: aef2ab55c8abe8a488b394a411803c50,
        type: 3}
      propertyPath: m_Name
      value: Staphylococcus aureus (5)
      objectReference: {fileID: 0}
    - target: {fileID: 1847154789273370103, guid: aef2ab55c8abe8a488b394a411803c50,
        type: 3}
      propertyPath: m_LocalPosition.x
      value: -0.120000005
      objectReference: {fileID: 0}
    - target: {fileID: 1847154789273370103, guid: aef2ab55c8abe8a488b394a411803c50,
        type: 3}
      propertyPath: m_LocalPosition.y
      value: -0.8499999
      objectReference: {fileID: 0}
    - target: {fileID: 1847154789273370103, guid: aef2ab55c8abe8a488b394a411803c50,
        type: 3}
      propertyPath: m_LocalPosition.z
      value: 0
      objectReference: {fileID: 0}
    - target: {fileID: 1847154789273370103, guid: aef2ab55c8abe8a488b394a411803c50,
        type: 3}
      propertyPath: m_LocalRotation.x
      value: -0
      objectReference: {fileID: 0}
    - target: {fileID: 1847154789273370103, guid: aef2ab55c8abe8a488b394a411803c50,
        type: 3}
      propertyPath: m_LocalRotation.y
      value: -0
      objectReference: {fileID: 0}
    - target: {fileID: 1847154789273370103, guid: aef2ab55c8abe8a488b394a411803c50,
        type: 3}
      propertyPath: m_LocalRotation.z
      value: -0
      objectReference: {fileID: 0}
    - target: {fileID: 1847154789273370103, guid: aef2ab55c8abe8a488b394a411803c50,
        type: 3}
      propertyPath: m_LocalRotation.w
      value: 1
      objectReference: {fileID: 0}
    - target: {fileID: 1847154789273370103, guid: aef2ab55c8abe8a488b394a411803c50,
        type: 3}
      propertyPath: m_RootOrder
      value: 5
      objectReference: {fileID: 0}
    - target: {fileID: 1847154789273370103, guid: aef2ab55c8abe8a488b394a411803c50,
        type: 3}
      propertyPath: m_LocalEulerAnglesHint.x
      value: 0
      objectReference: {fileID: 0}
    - target: {fileID: 1847154789273370103, guid: aef2ab55c8abe8a488b394a411803c50,
        type: 3}
      propertyPath: m_LocalEulerAnglesHint.y
      value: 0
      objectReference: {fileID: 0}
    - target: {fileID: 1847154789273370103, guid: aef2ab55c8abe8a488b394a411803c50,
        type: 3}
      propertyPath: m_LocalEulerAnglesHint.z
      value: 0
      objectReference: {fileID: 0}
    - target: {fileID: 1847154789273370100, guid: aef2ab55c8abe8a488b394a411803c50,
        type: 3}
      propertyPath: canShoot
      value: 0
      objectReference: {fileID: 0}
    m_RemovedComponents: []
  m_SourcePrefab: {fileID: 100100000, guid: aef2ab55c8abe8a488b394a411803c50, type: 3}
--- !u!4 &231177977322439180 stripped
Transform:
  m_CorrespondingSourceObject: {fileID: 1847154789273370103, guid: aef2ab55c8abe8a488b394a411803c50,
    type: 3}
  m_PrefabInstance: {fileID: 1916042342007996411}
  m_PrefabAsset: {fileID: 0}
--- !u!1001 &2424701640116519837
PrefabInstance:
  m_ObjectHideFlags: 0
  serializedVersion: 2
  m_Modification:
    m_TransformParent: {fileID: 1916042342029361501}
    m_Modifications:
    - target: {fileID: 1847154789273370099, guid: aef2ab55c8abe8a488b394a411803c50,
        type: 3}
      propertyPath: m_Name
      value: Staphylococcus aureus (13)
      objectReference: {fileID: 0}
    - target: {fileID: 1847154789273370103, guid: aef2ab55c8abe8a488b394a411803c50,
        type: 3}
      propertyPath: m_LocalPosition.x
      value: -2.3679266
      objectReference: {fileID: 0}
    - target: {fileID: 1847154789273370103, guid: aef2ab55c8abe8a488b394a411803c50,
        type: 3}
      propertyPath: m_LocalPosition.y
      value: 1.73
      objectReference: {fileID: 0}
    - target: {fileID: 1847154789273370103, guid: aef2ab55c8abe8a488b394a411803c50,
        type: 3}
      propertyPath: m_LocalPosition.z
      value: 0
      objectReference: {fileID: 0}
    - target: {fileID: 1847154789273370103, guid: aef2ab55c8abe8a488b394a411803c50,
        type: 3}
      propertyPath: m_LocalRotation.x
      value: -0
      objectReference: {fileID: 0}
    - target: {fileID: 1847154789273370103, guid: aef2ab55c8abe8a488b394a411803c50,
        type: 3}
      propertyPath: m_LocalRotation.y
      value: -0
      objectReference: {fileID: 0}
    - target: {fileID: 1847154789273370103, guid: aef2ab55c8abe8a488b394a411803c50,
        type: 3}
      propertyPath: m_LocalRotation.z
      value: -0
      objectReference: {fileID: 0}
    - target: {fileID: 1847154789273370103, guid: aef2ab55c8abe8a488b394a411803c50,
        type: 3}
      propertyPath: m_LocalRotation.w
      value: 1
      objectReference: {fileID: 0}
    - target: {fileID: 1847154789273370103, guid: aef2ab55c8abe8a488b394a411803c50,
        type: 3}
      propertyPath: m_RootOrder
      value: 13
      objectReference: {fileID: 0}
    - target: {fileID: 1847154789273370103, guid: aef2ab55c8abe8a488b394a411803c50,
        type: 3}
      propertyPath: m_LocalEulerAnglesHint.x
      value: 0
      objectReference: {fileID: 0}
    - target: {fileID: 1847154789273370103, guid: aef2ab55c8abe8a488b394a411803c50,
        type: 3}
      propertyPath: m_LocalEulerAnglesHint.y
      value: 0
      objectReference: {fileID: 0}
    - target: {fileID: 1847154789273370103, guid: aef2ab55c8abe8a488b394a411803c50,
        type: 3}
      propertyPath: m_LocalEulerAnglesHint.z
      value: 0
      objectReference: {fileID: 0}
    - target: {fileID: 1847154789273370100, guid: aef2ab55c8abe8a488b394a411803c50,
        type: 3}
      propertyPath: canShoot
      value: 0
      objectReference: {fileID: 0}
    m_RemovedComponents: []
  m_SourcePrefab: {fileID: 100100000, guid: aef2ab55c8abe8a488b394a411803c50, type: 3}
--- !u!4 &4036399772356001386 stripped
Transform:
  m_CorrespondingSourceObject: {fileID: 1847154789273370103, guid: aef2ab55c8abe8a488b394a411803c50,
    type: 3}
  m_PrefabInstance: {fileID: 2424701640116519837}
  m_PrefabAsset: {fileID: 0}
--- !u!1001 &2866451878398966791
PrefabInstance:
  m_ObjectHideFlags: 0
  serializedVersion: 2
  m_Modification:
    m_TransformParent: {fileID: 1916042342029361501}
    m_Modifications:
    - target: {fileID: 1847154789273370099, guid: aef2ab55c8abe8a488b394a411803c50,
        type: 3}
      propertyPath: m_Name
      value: Staphylococcus aureus (12)
      objectReference: {fileID: 0}
    - target: {fileID: 1847154789273370103, guid: aef2ab55c8abe8a488b394a411803c50,
        type: 3}
      propertyPath: m_LocalPosition.x
      value: -1.7379266
      objectReference: {fileID: 0}
    - target: {fileID: 1847154789273370103, guid: aef2ab55c8abe8a488b394a411803c50,
        type: 3}
      propertyPath: m_LocalPosition.y
      value: 1.21
      objectReference: {fileID: 0}
    - target: {fileID: 1847154789273370103, guid: aef2ab55c8abe8a488b394a411803c50,
        type: 3}
      propertyPath: m_LocalPosition.z
      value: 0
      objectReference: {fileID: 0}
    - target: {fileID: 1847154789273370103, guid: aef2ab55c8abe8a488b394a411803c50,
        type: 3}
      propertyPath: m_LocalRotation.x
      value: -0
      objectReference: {fileID: 0}
    - target: {fileID: 1847154789273370103, guid: aef2ab55c8abe8a488b394a411803c50,
        type: 3}
      propertyPath: m_LocalRotation.y
      value: -0
      objectReference: {fileID: 0}
    - target: {fileID: 1847154789273370103, guid: aef2ab55c8abe8a488b394a411803c50,
        type: 3}
      propertyPath: m_LocalRotation.z
      value: -0
      objectReference: {fileID: 0}
    - target: {fileID: 1847154789273370103, guid: aef2ab55c8abe8a488b394a411803c50,
        type: 3}
      propertyPath: m_LocalRotation.w
      value: 1
      objectReference: {fileID: 0}
    - target: {fileID: 1847154789273370103, guid: aef2ab55c8abe8a488b394a411803c50,
        type: 3}
      propertyPath: m_RootOrder
      value: 12
      objectReference: {fileID: 0}
    - target: {fileID: 1847154789273370103, guid: aef2ab55c8abe8a488b394a411803c50,
        type: 3}
      propertyPath: m_LocalEulerAnglesHint.x
      value: 0
      objectReference: {fileID: 0}
    - target: {fileID: 1847154789273370103, guid: aef2ab55c8abe8a488b394a411803c50,
        type: 3}
      propertyPath: m_LocalEulerAnglesHint.y
      value: 0
      objectReference: {fileID: 0}
    - target: {fileID: 1847154789273370103, guid: aef2ab55c8abe8a488b394a411803c50,
        type: 3}
      propertyPath: m_LocalEulerAnglesHint.z
      value: 0
      objectReference: {fileID: 0}
    - target: {fileID: 1847154789273370100, guid: aef2ab55c8abe8a488b394a411803c50,
        type: 3}
      propertyPath: canShoot
      value: 0
      objectReference: {fileID: 0}
    m_RemovedComponents: []
  m_SourcePrefab: {fileID: 100100000, guid: aef2ab55c8abe8a488b394a411803c50, type: 3}
--- !u!4 &4496219384719884784 stripped
Transform:
  m_CorrespondingSourceObject: {fileID: 1847154789273370103, guid: aef2ab55c8abe8a488b394a411803c50,
    type: 3}
  m_PrefabInstance: {fileID: 2866451878398966791}
  m_PrefabAsset: {fileID: 0}
--- !u!1001 &3596908680985899790
PrefabInstance:
  m_ObjectHideFlags: 0
  serializedVersion: 2
  m_Modification:
    m_TransformParent: {fileID: 1916042342029361501}
    m_Modifications:
    - target: {fileID: 1847154789273370099, guid: aef2ab55c8abe8a488b394a411803c50,
        type: 3}
      propertyPath: m_Name
      value: Staphylococcus aureus (8)
      objectReference: {fileID: 0}
    - target: {fileID: 1847154789273370103, guid: aef2ab55c8abe8a488b394a411803c50,
        type: 3}
      propertyPath: m_LocalPosition.x
      value: -2.2479267
      objectReference: {fileID: 0}
    - target: {fileID: 1847154789273370103, guid: aef2ab55c8abe8a488b394a411803c50,
        type: 3}
      propertyPath: m_LocalPosition.y
      value: 2.53
      objectReference: {fileID: 0}
    - target: {fileID: 1847154789273370103, guid: aef2ab55c8abe8a488b394a411803c50,
        type: 3}
      propertyPath: m_LocalPosition.z
      value: 0
      objectReference: {fileID: 0}
    - target: {fileID: 1847154789273370103, guid: aef2ab55c8abe8a488b394a411803c50,
        type: 3}
      propertyPath: m_LocalRotation.x
      value: -0
      objectReference: {fileID: 0}
    - target: {fileID: 1847154789273370103, guid: aef2ab55c8abe8a488b394a411803c50,
        type: 3}
      propertyPath: m_LocalRotation.y
      value: -0
      objectReference: {fileID: 0}
    - target: {fileID: 1847154789273370103, guid: aef2ab55c8abe8a488b394a411803c50,
        type: 3}
      propertyPath: m_LocalRotation.z
      value: -0
      objectReference: {fileID: 0}
    - target: {fileID: 1847154789273370103, guid: aef2ab55c8abe8a488b394a411803c50,
        type: 3}
      propertyPath: m_LocalRotation.w
      value: 1
      objectReference: {fileID: 0}
    - target: {fileID: 1847154789273370103, guid: aef2ab55c8abe8a488b394a411803c50,
        type: 3}
      propertyPath: m_RootOrder
      value: 8
      objectReference: {fileID: 0}
    - target: {fileID: 1847154789273370103, guid: aef2ab55c8abe8a488b394a411803c50,
        type: 3}
      propertyPath: m_LocalEulerAnglesHint.x
      value: 0
      objectReference: {fileID: 0}
    - target: {fileID: 1847154789273370103, guid: aef2ab55c8abe8a488b394a411803c50,
        type: 3}
      propertyPath: m_LocalEulerAnglesHint.y
      value: 0
      objectReference: {fileID: 0}
    - target: {fileID: 1847154789273370103, guid: aef2ab55c8abe8a488b394a411803c50,
        type: 3}
      propertyPath: m_LocalEulerAnglesHint.z
      value: 0
      objectReference: {fileID: 0}
    - target: {fileID: 1847154789273370100, guid: aef2ab55c8abe8a488b394a411803c50,
        type: 3}
      propertyPath: canShoot
      value: 0
      objectReference: {fileID: 0}
    m_RemovedComponents: []
  m_SourcePrefab: {fileID: 100100000, guid: aef2ab55c8abe8a488b394a411803c50, type: 3}
--- !u!4 &2902746009885085433 stripped
Transform:
  m_CorrespondingSourceObject: {fileID: 1847154789273370103, guid: aef2ab55c8abe8a488b394a411803c50,
    type: 3}
  m_PrefabInstance: {fileID: 3596908680985899790}
  m_PrefabAsset: {fileID: 0}
--- !u!1001 &3699658626655668616
PrefabInstance:
  m_ObjectHideFlags: 0
  serializedVersion: 2
  m_Modification:
    m_TransformParent: {fileID: 1916042342029361501}
    m_Modifications:
    - target: {fileID: 1847154789273370099, guid: aef2ab55c8abe8a488b394a411803c50,
        type: 3}
      propertyPath: m_Name
      value: Staphylococcus aureus (14)
      objectReference: {fileID: 0}
    - target: {fileID: 1847154789273370103, guid: aef2ab55c8abe8a488b394a411803c50,
        type: 3}
      propertyPath: m_LocalPosition.x
      value: 1.66
      objectReference: {fileID: 0}
    - target: {fileID: 1847154789273370103, guid: aef2ab55c8abe8a488b394a411803c50,
        type: 3}
      propertyPath: m_LocalPosition.y
      value: 2.1617136
      objectReference: {fileID: 0}
    - target: {fileID: 1847154789273370103, guid: aef2ab55c8abe8a488b394a411803c50,
        type: 3}
      propertyPath: m_LocalPosition.z
      value: 0
      objectReference: {fileID: 0}
    - target: {fileID: 1847154789273370103, guid: aef2ab55c8abe8a488b394a411803c50,
        type: 3}
      propertyPath: m_LocalRotation.x
      value: -0
      objectReference: {fileID: 0}
    - target: {fileID: 1847154789273370103, guid: aef2ab55c8abe8a488b394a411803c50,
        type: 3}
      propertyPath: m_LocalRotation.y
      value: -0
      objectReference: {fileID: 0}
    - target: {fileID: 1847154789273370103, guid: aef2ab55c8abe8a488b394a411803c50,
        type: 3}
      propertyPath: m_LocalRotation.z
      value: -0
      objectReference: {fileID: 0}
    - target: {fileID: 1847154789273370103, guid: aef2ab55c8abe8a488b394a411803c50,
        type: 3}
      propertyPath: m_LocalRotation.w
      value: 1
      objectReference: {fileID: 0}
    - target: {fileID: 1847154789273370103, guid: aef2ab55c8abe8a488b394a411803c50,
        type: 3}
      propertyPath: m_RootOrder
      value: 14
      objectReference: {fileID: 0}
    - target: {fileID: 1847154789273370103, guid: aef2ab55c8abe8a488b394a411803c50,
        type: 3}
      propertyPath: m_LocalEulerAnglesHint.x
      value: 0
      objectReference: {fileID: 0}
    - target: {fileID: 1847154789273370103, guid: aef2ab55c8abe8a488b394a411803c50,
        type: 3}
      propertyPath: m_LocalEulerAnglesHint.y
      value: 0
      objectReference: {fileID: 0}
    - target: {fileID: 1847154789273370103, guid: aef2ab55c8abe8a488b394a411803c50,
        type: 3}
      propertyPath: m_LocalEulerAnglesHint.z
      value: 0
      objectReference: {fileID: 0}
    - target: {fileID: 1847154789273370100, guid: aef2ab55c8abe8a488b394a411803c50,
        type: 3}
      propertyPath: canShoot
      value: 0
      objectReference: {fileID: 0}
    m_RemovedComponents: []
  m_SourcePrefab: {fileID: 100100000, guid: aef2ab55c8abe8a488b394a411803c50, type: 3}
--- !u!4 &3095585471687406719 stripped
Transform:
  m_CorrespondingSourceObject: {fileID: 1847154789273370103, guid: aef2ab55c8abe8a488b394a411803c50,
    type: 3}
  m_PrefabInstance: {fileID: 3699658626655668616}
  m_PrefabAsset: {fileID: 0}
--- !u!1001 &3955916333224071075
PrefabInstance:
  m_ObjectHideFlags: 0
  serializedVersion: 2
  m_Modification:
    m_TransformParent: {fileID: 1916042342029361501}
    m_Modifications:
    - target: {fileID: 1847154789273370099, guid: aef2ab55c8abe8a488b394a411803c50,
        type: 3}
      propertyPath: m_Name
      value: Staphylococcus aureus (10)
      objectReference: {fileID: 0}
    - target: {fileID: 1847154789273370103, guid: aef2ab55c8abe8a488b394a411803c50,
        type: 3}
      propertyPath: m_LocalPosition.x
      value: -0.8679267
      objectReference: {fileID: 0}
    - target: {fileID: 1847154789273370103, guid: aef2ab55c8abe8a488b394a411803c50,
        type: 3}
      propertyPath: m_LocalPosition.y
      value: 2.35
      objectReference: {fileID: 0}
    - target: {fileID: 1847154789273370103, guid: aef2ab55c8abe8a488b394a411803c50,
        type: 3}
      propertyPath: m_LocalPosition.z
      value: 0
      objectReference: {fileID: 0}
    - target: {fileID: 1847154789273370103, guid: aef2ab55c8abe8a488b394a411803c50,
        type: 3}
      propertyPath: m_LocalRotation.x
      value: -0
      objectReference: {fileID: 0}
    - target: {fileID: 1847154789273370103, guid: aef2ab55c8abe8a488b394a411803c50,
        type: 3}
      propertyPath: m_LocalRotation.y
      value: -0
      objectReference: {fileID: 0}
    - target: {fileID: 1847154789273370103, guid: aef2ab55c8abe8a488b394a411803c50,
        type: 3}
      propertyPath: m_LocalRotation.z
      value: -0
      objectReference: {fileID: 0}
    - target: {fileID: 1847154789273370103, guid: aef2ab55c8abe8a488b394a411803c50,
        type: 3}
      propertyPath: m_LocalRotation.w
      value: 1
      objectReference: {fileID: 0}
    - target: {fileID: 1847154789273370103, guid: aef2ab55c8abe8a488b394a411803c50,
        type: 3}
      propertyPath: m_RootOrder
      value: 10
      objectReference: {fileID: 0}
    - target: {fileID: 1847154789273370103, guid: aef2ab55c8abe8a488b394a411803c50,
        type: 3}
      propertyPath: m_LocalEulerAnglesHint.x
      value: 0
      objectReference: {fileID: 0}
    - target: {fileID: 1847154789273370103, guid: aef2ab55c8abe8a488b394a411803c50,
        type: 3}
      propertyPath: m_LocalEulerAnglesHint.y
      value: 0
      objectReference: {fileID: 0}
    - target: {fileID: 1847154789273370103, guid: aef2ab55c8abe8a488b394a411803c50,
        type: 3}
      propertyPath: m_LocalEulerAnglesHint.z
      value: 0
      objectReference: {fileID: 0}
    - target: {fileID: 1847154789273370100, guid: aef2ab55c8abe8a488b394a411803c50,
        type: 3}
      propertyPath: canShoot
      value: 0
      objectReference: {fileID: 0}
    m_RemovedComponents: []
  m_SourcePrefab: {fileID: 100100000, guid: aef2ab55c8abe8a488b394a411803c50, type: 3}
--- !u!4 &3405941280552809044 stripped
Transform:
  m_CorrespondingSourceObject: {fileID: 1847154789273370103, guid: aef2ab55c8abe8a488b394a411803c50,
    type: 3}
  m_PrefabInstance: {fileID: 3955916333224071075}
  m_PrefabAsset: {fileID: 0}
--- !u!1001 &5237239191220013613
PrefabInstance:
  m_ObjectHideFlags: 0
  serializedVersion: 2
  m_Modification:
    m_TransformParent: {fileID: 1916042342029361501}
    m_Modifications:
    - target: {fileID: 1847154789273370099, guid: aef2ab55c8abe8a488b394a411803c50,
        type: 3}
      propertyPath: m_Name
      value: Staphylococcus aureus (18)
      objectReference: {fileID: 0}
    - target: {fileID: 1847154789273370103, guid: aef2ab55c8abe8a488b394a411803c50,
        type: 3}
      propertyPath: m_LocalPosition.x
      value: 2.3120737
      objectReference: {fileID: 0}
    - target: {fileID: 1847154789273370103, guid: aef2ab55c8abe8a488b394a411803c50,
        type: 3}
      propertyPath: m_LocalPosition.y
      value: 1.66
      objectReference: {fileID: 0}
    - target: {fileID: 1847154789273370103, guid: aef2ab55c8abe8a488b394a411803c50,
        type: 3}
      propertyPath: m_LocalPosition.z
      value: 0
      objectReference: {fileID: 0}
    - target: {fileID: 1847154789273370103, guid: aef2ab55c8abe8a488b394a411803c50,
        type: 3}
      propertyPath: m_LocalRotation.x
      value: -0
      objectReference: {fileID: 0}
    - target: {fileID: 1847154789273370103, guid: aef2ab55c8abe8a488b394a411803c50,
        type: 3}
      propertyPath: m_LocalRotation.y
      value: -0
      objectReference: {fileID: 0}
    - target: {fileID: 1847154789273370103, guid: aef2ab55c8abe8a488b394a411803c50,
        type: 3}
      propertyPath: m_LocalRotation.z
      value: -0
      objectReference: {fileID: 0}
    - target: {fileID: 1847154789273370103, guid: aef2ab55c8abe8a488b394a411803c50,
        type: 3}
      propertyPath: m_LocalRotation.w
      value: 1
      objectReference: {fileID: 0}
    - target: {fileID: 1847154789273370103, guid: aef2ab55c8abe8a488b394a411803c50,
        type: 3}
      propertyPath: m_RootOrder
      value: 18
      objectReference: {fileID: 0}
    - target: {fileID: 1847154789273370103, guid: aef2ab55c8abe8a488b394a411803c50,
        type: 3}
      propertyPath: m_LocalEulerAnglesHint.x
      value: 0
      objectReference: {fileID: 0}
    - target: {fileID: 1847154789273370103, guid: aef2ab55c8abe8a488b394a411803c50,
        type: 3}
      propertyPath: m_LocalEulerAnglesHint.y
      value: 0
      objectReference: {fileID: 0}
    - target: {fileID: 1847154789273370103, guid: aef2ab55c8abe8a488b394a411803c50,
        type: 3}
      propertyPath: m_LocalEulerAnglesHint.z
      value: 0
      objectReference: {fileID: 0}
    - target: {fileID: 1847154789273370100, guid: aef2ab55c8abe8a488b394a411803c50,
        type: 3}
      propertyPath: canShoot
      value: 0
      objectReference: {fileID: 0}
    m_RemovedComponents: []
  m_SourcePrefab: {fileID: 100100000, guid: aef2ab55c8abe8a488b394a411803c50, type: 3}
--- !u!4 &5840043046030325722 stripped
Transform:
  m_CorrespondingSourceObject: {fileID: 1847154789273370103, guid: aef2ab55c8abe8a488b394a411803c50,
    type: 3}
  m_PrefabInstance: {fileID: 5237239191220013613}
  m_PrefabAsset: {fileID: 0}
--- !u!1001 &5913645301169056746
PrefabInstance:
  m_ObjectHideFlags: 0
  serializedVersion: 2
  m_Modification:
    m_TransformParent: {fileID: 1916042342029361501}
    m_Modifications:
    - target: {fileID: 1847154789273370099, guid: aef2ab55c8abe8a488b394a411803c50,
        type: 3}
      propertyPath: m_Name
      value: Staphylococcus aureus (19)
      objectReference: {fileID: 0}
    - target: {fileID: 1847154789273370103, guid: aef2ab55c8abe8a488b394a411803c50,
        type: 3}
      propertyPath: m_LocalPosition.x
      value: 1.5220735
      objectReference: {fileID: 0}
    - target: {fileID: 1847154789273370103, guid: aef2ab55c8abe8a488b394a411803c50,
        type: 3}
      propertyPath: m_LocalPosition.y
      value: 1.3300002
      objectReference: {fileID: 0}
    - target: {fileID: 1847154789273370103, guid: aef2ab55c8abe8a488b394a411803c50,
        type: 3}
      propertyPath: m_LocalPosition.z
      value: 0
      objectReference: {fileID: 0}
    - target: {fileID: 1847154789273370103, guid: aef2ab55c8abe8a488b394a411803c50,
        type: 3}
      propertyPath: m_LocalRotation.x
      value: -0
      objectReference: {fileID: 0}
    - target: {fileID: 1847154789273370103, guid: aef2ab55c8abe8a488b394a411803c50,
        type: 3}
      propertyPath: m_LocalRotation.y
      value: -0
      objectReference: {fileID: 0}
    - target: {fileID: 1847154789273370103, guid: aef2ab55c8abe8a488b394a411803c50,
        type: 3}
      propertyPath: m_LocalRotation.z
      value: -0
      objectReference: {fileID: 0}
    - target: {fileID: 1847154789273370103, guid: aef2ab55c8abe8a488b394a411803c50,
        type: 3}
      propertyPath: m_LocalRotation.w
      value: 1
      objectReference: {fileID: 0}
    - target: {fileID: 1847154789273370103, guid: aef2ab55c8abe8a488b394a411803c50,
        type: 3}
      propertyPath: m_RootOrder
      value: 19
      objectReference: {fileID: 0}
    - target: {fileID: 1847154789273370103, guid: aef2ab55c8abe8a488b394a411803c50,
        type: 3}
      propertyPath: m_LocalEulerAnglesHint.x
      value: 0
      objectReference: {fileID: 0}
    - target: {fileID: 1847154789273370103, guid: aef2ab55c8abe8a488b394a411803c50,
        type: 3}
      propertyPath: m_LocalEulerAnglesHint.y
      value: 0
      objectReference: {fileID: 0}
    - target: {fileID: 1847154789273370103, guid: aef2ab55c8abe8a488b394a411803c50,
        type: 3}
      propertyPath: m_LocalEulerAnglesHint.z
      value: 0
      objectReference: {fileID: 0}
    - target: {fileID: 1847154789273370100, guid: aef2ab55c8abe8a488b394a411803c50,
        type: 3}
      propertyPath: canShoot
      value: 0
      objectReference: {fileID: 0}
    m_RemovedComponents: []
  m_SourcePrefab: {fileID: 100100000, guid: aef2ab55c8abe8a488b394a411803c50, type: 3}
--- !u!4 &5454726041926506013 stripped
Transform:
  m_CorrespondingSourceObject: {fileID: 1847154789273370103, guid: aef2ab55c8abe8a488b394a411803c50,
    type: 3}
  m_PrefabInstance: {fileID: 5913645301169056746}
  m_PrefabAsset: {fileID: 0}
--- !u!1001 &6218712727929881615
PrefabInstance:
  m_ObjectHideFlags: 0
  serializedVersion: 2
  m_Modification:
    m_TransformParent: {fileID: 1916042342029361501}
    m_Modifications:
    - target: {fileID: 1847154789273370099, guid: aef2ab55c8abe8a488b394a411803c50,
        type: 3}
      propertyPath: m_Name
      value: Staphylococcus aureus (16)
      objectReference: {fileID: 0}
    - target: {fileID: 1847154789273370103, guid: aef2ab55c8abe8a488b394a411803c50,
        type: 3}
      propertyPath: m_LocalPosition.x
      value: 1.7220733
      objectReference: {fileID: 0}
    - target: {fileID: 1847154789273370103, guid: aef2ab55c8abe8a488b394a411803c50,
        type: 3}
      propertyPath: m_LocalPosition.y
      value: 2.99
      objectReference: {fileID: 0}
    - target: {fileID: 1847154789273370103, guid: aef2ab55c8abe8a488b394a411803c50,
        type: 3}
      propertyPath: m_LocalPosition.z
      value: 0
      objectReference: {fileID: 0}
    - target: {fileID: 1847154789273370103, guid: aef2ab55c8abe8a488b394a411803c50,
        type: 3}
      propertyPath: m_LocalRotation.x
      value: -0
      objectReference: {fileID: 0}
    - target: {fileID: 1847154789273370103, guid: aef2ab55c8abe8a488b394a411803c50,
        type: 3}
      propertyPath: m_LocalRotation.y
      value: -0
      objectReference: {fileID: 0}
    - target: {fileID: 1847154789273370103, guid: aef2ab55c8abe8a488b394a411803c50,
        type: 3}
      propertyPath: m_LocalRotation.z
      value: -0
      objectReference: {fileID: 0}
    - target: {fileID: 1847154789273370103, guid: aef2ab55c8abe8a488b394a411803c50,
        type: 3}
      propertyPath: m_LocalRotation.w
      value: 1
      objectReference: {fileID: 0}
    - target: {fileID: 1847154789273370103, guid: aef2ab55c8abe8a488b394a411803c50,
        type: 3}
      propertyPath: m_RootOrder
      value: 16
      objectReference: {fileID: 0}
    - target: {fileID: 1847154789273370103, guid: aef2ab55c8abe8a488b394a411803c50,
        type: 3}
      propertyPath: m_LocalEulerAnglesHint.x
      value: 0
      objectReference: {fileID: 0}
    - target: {fileID: 1847154789273370103, guid: aef2ab55c8abe8a488b394a411803c50,
        type: 3}
      propertyPath: m_LocalEulerAnglesHint.y
      value: 0
      objectReference: {fileID: 0}
    - target: {fileID: 1847154789273370103, guid: aef2ab55c8abe8a488b394a411803c50,
        type: 3}
      propertyPath: m_LocalEulerAnglesHint.z
      value: 0
      objectReference: {fileID: 0}
    - target: {fileID: 1847154789273370100, guid: aef2ab55c8abe8a488b394a411803c50,
        type: 3}
      propertyPath: canShoot
      value: 0
      objectReference: {fileID: 0}
    m_RemovedComponents: []
  m_SourcePrefab: {fileID: 100100000, guid: aef2ab55c8abe8a488b394a411803c50, type: 3}
--- !u!4 &5759865577010821624 stripped
Transform:
  m_CorrespondingSourceObject: {fileID: 1847154789273370103, guid: aef2ab55c8abe8a488b394a411803c50,
    type: 3}
  m_PrefabInstance: {fileID: 6218712727929881615}
  m_PrefabAsset: {fileID: 0}
--- !u!1001 &6882228594186651222
PrefabInstance:
  m_ObjectHideFlags: 0
  serializedVersion: 2
  m_Modification:
    m_TransformParent: {fileID: 1916042342029361501}
    m_Modifications:
    - target: {fileID: 1847154789273370099, guid: aef2ab55c8abe8a488b394a411803c50,
        type: 3}
      propertyPath: m_Name
      value: Staphylococcus aureus (15)
      objectReference: {fileID: 0}
    - target: {fileID: 1847154789273370103, guid: aef2ab55c8abe8a488b394a411803c50,
        type: 3}
      propertyPath: m_LocalPosition.x
      value: 1.0120735
      objectReference: {fileID: 0}
    - target: {fileID: 1847154789273370103, guid: aef2ab55c8abe8a488b394a411803c50,
        type: 3}
      propertyPath: m_LocalPosition.y
      value: 2.65
      objectReference: {fileID: 0}
    - target: {fileID: 1847154789273370103, guid: aef2ab55c8abe8a488b394a411803c50,
        type: 3}
      propertyPath: m_LocalPosition.z
      value: 0
      objectReference: {fileID: 0}
    - target: {fileID: 1847154789273370103, guid: aef2ab55c8abe8a488b394a411803c50,
        type: 3}
      propertyPath: m_LocalRotation.x
      value: -0
      objectReference: {fileID: 0}
    - target: {fileID: 1847154789273370103, guid: aef2ab55c8abe8a488b394a411803c50,
        type: 3}
      propertyPath: m_LocalRotation.y
      value: -0
      objectReference: {fileID: 0}
    - target: {fileID: 1847154789273370103, guid: aef2ab55c8abe8a488b394a411803c50,
        type: 3}
      propertyPath: m_LocalRotation.z
      value: -0
      objectReference: {fileID: 0}
    - target: {fileID: 1847154789273370103, guid: aef2ab55c8abe8a488b394a411803c50,
        type: 3}
      propertyPath: m_LocalRotation.w
      value: 1
      objectReference: {fileID: 0}
    - target: {fileID: 1847154789273370103, guid: aef2ab55c8abe8a488b394a411803c50,
        type: 3}
      propertyPath: m_RootOrder
      value: 15
      objectReference: {fileID: 0}
    - target: {fileID: 1847154789273370103, guid: aef2ab55c8abe8a488b394a411803c50,
        type: 3}
      propertyPath: m_LocalEulerAnglesHint.x
      value: 0
      objectReference: {fileID: 0}
    - target: {fileID: 1847154789273370103, guid: aef2ab55c8abe8a488b394a411803c50,
        type: 3}
      propertyPath: m_LocalEulerAnglesHint.y
      value: 0
      objectReference: {fileID: 0}
    - target: {fileID: 1847154789273370103, guid: aef2ab55c8abe8a488b394a411803c50,
        type: 3}
      propertyPath: m_LocalEulerAnglesHint.z
      value: 0
      objectReference: {fileID: 0}
    - target: {fileID: 1847154789273370100, guid: aef2ab55c8abe8a488b394a411803c50,
        type: 3}
      propertyPath: canShoot
      value: 0
      objectReference: {fileID: 0}
    m_RemovedComponents: []
  m_SourcePrefab: {fileID: 100100000, guid: aef2ab55c8abe8a488b394a411803c50, type: 3}
--- !u!4 &5053319225427688353 stripped
Transform:
  m_CorrespondingSourceObject: {fileID: 1847154789273370103, guid: aef2ab55c8abe8a488b394a411803c50,
    type: 3}
  m_PrefabInstance: {fileID: 6882228594186651222}
  m_PrefabAsset: {fileID: 0}
--- !u!1001 &7729150792314044847
PrefabInstance:
  m_ObjectHideFlags: 0
  serializedVersion: 2
  m_Modification:
    m_TransformParent: {fileID: 1916042342029361501}
    m_Modifications:
    - target: {fileID: 1847154789273370099, guid: aef2ab55c8abe8a488b394a411803c50,
        type: 3}
      propertyPath: m_Name
      value: Staphylococcus aureus (23)
      objectReference: {fileID: 0}
    - target: {fileID: 1847154789273370103, guid: aef2ab55c8abe8a488b394a411803c50,
        type: 3}
      propertyPath: m_LocalPosition.x
      value: 0.04
      objectReference: {fileID: 0}
    - target: {fileID: 1847154789273370103, guid: aef2ab55c8abe8a488b394a411803c50,
        type: 3}
      propertyPath: m_LocalPosition.y
      value: -2.61
      objectReference: {fileID: 0}
    - target: {fileID: 1847154789273370103, guid: aef2ab55c8abe8a488b394a411803c50,
        type: 3}
      propertyPath: m_LocalPosition.z
      value: 0
      objectReference: {fileID: 0}
    - target: {fileID: 1847154789273370103, guid: aef2ab55c8abe8a488b394a411803c50,
        type: 3}
      propertyPath: m_LocalRotation.x
      value: -0
      objectReference: {fileID: 0}
    - target: {fileID: 1847154789273370103, guid: aef2ab55c8abe8a488b394a411803c50,
        type: 3}
      propertyPath: m_LocalRotation.y
      value: -0
      objectReference: {fileID: 0}
    - target: {fileID: 1847154789273370103, guid: aef2ab55c8abe8a488b394a411803c50,
        type: 3}
      propertyPath: m_LocalRotation.z
      value: -0
      objectReference: {fileID: 0}
    - target: {fileID: 1847154789273370103, guid: aef2ab55c8abe8a488b394a411803c50,
        type: 3}
      propertyPath: m_LocalRotation.w
      value: 1
      objectReference: {fileID: 0}
    - target: {fileID: 1847154789273370103, guid: aef2ab55c8abe8a488b394a411803c50,
        type: 3}
      propertyPath: m_RootOrder
      value: 23
      objectReference: {fileID: 0}
    - target: {fileID: 1847154789273370103, guid: aef2ab55c8abe8a488b394a411803c50,
        type: 3}
      propertyPath: m_LocalEulerAnglesHint.x
      value: 0
      objectReference: {fileID: 0}
    - target: {fileID: 1847154789273370103, guid: aef2ab55c8abe8a488b394a411803c50,
        type: 3}
      propertyPath: m_LocalEulerAnglesHint.y
      value: 0
      objectReference: {fileID: 0}
    - target: {fileID: 1847154789273370103, guid: aef2ab55c8abe8a488b394a411803c50,
        type: 3}
      propertyPath: m_LocalEulerAnglesHint.z
      value: 0
      objectReference: {fileID: 0}
    - target: {fileID: 1847154789273370100, guid: aef2ab55c8abe8a488b394a411803c50,
        type: 3}
      propertyPath: canShoot
      value: 0
      objectReference: {fileID: 0}
    m_RemovedComponents: []
  m_SourcePrefab: {fileID: 100100000, guid: aef2ab55c8abe8a488b394a411803c50, type: 3}
--- !u!4 &8277929267019529304 stripped
Transform:
  m_CorrespondingSourceObject: {fileID: 1847154789273370103, guid: aef2ab55c8abe8a488b394a411803c50,
    type: 3}
  m_PrefabInstance: {fileID: 7729150792314044847}
  m_PrefabAsset: {fileID: 0}
--- !u!1001 &8001823339136757487
PrefabInstance:
  m_ObjectHideFlags: 0
  serializedVersion: 2
  m_Modification:
    m_TransformParent: {fileID: 1916042342029361501}
    m_Modifications:
    - target: {fileID: 1847154789273370099, guid: aef2ab55c8abe8a488b394a411803c50,
        type: 3}
      propertyPath: m_Name
      value: Staphylococcus aureus (17)
      objectReference: {fileID: 0}
    - target: {fileID: 1847154789273370103, guid: aef2ab55c8abe8a488b394a411803c50,
        type: 3}
      propertyPath: m_LocalPosition.x
      value: 2.3920734
      objectReference: {fileID: 0}
    - target: {fileID: 1847154789273370103, guid: aef2ab55c8abe8a488b394a411803c50,
        type: 3}
      propertyPath: m_LocalPosition.y
      value: 2.47
      objectReference: {fileID: 0}
    - target: {fileID: 1847154789273370103, guid: aef2ab55c8abe8a488b394a411803c50,
        type: 3}
      propertyPath: m_LocalPosition.z
      value: 0
      objectReference: {fileID: 0}
    - target: {fileID: 1847154789273370103, guid: aef2ab55c8abe8a488b394a411803c50,
        type: 3}
      propertyPath: m_LocalRotation.x
      value: -0
      objectReference: {fileID: 0}
    - target: {fileID: 1847154789273370103, guid: aef2ab55c8abe8a488b394a411803c50,
        type: 3}
      propertyPath: m_LocalRotation.y
      value: -0
      objectReference: {fileID: 0}
    - target: {fileID: 1847154789273370103, guid: aef2ab55c8abe8a488b394a411803c50,
        type: 3}
      propertyPath: m_LocalRotation.z
      value: -0
      objectReference: {fileID: 0}
    - target: {fileID: 1847154789273370103, guid: aef2ab55c8abe8a488b394a411803c50,
        type: 3}
      propertyPath: m_LocalRotation.w
      value: 1
      objectReference: {fileID: 0}
    - target: {fileID: 1847154789273370103, guid: aef2ab55c8abe8a488b394a411803c50,
        type: 3}
      propertyPath: m_RootOrder
      value: 17
      objectReference: {fileID: 0}
    - target: {fileID: 1847154789273370103, guid: aef2ab55c8abe8a488b394a411803c50,
        type: 3}
      propertyPath: m_LocalEulerAnglesHint.x
      value: 0
      objectReference: {fileID: 0}
    - target: {fileID: 1847154789273370103, guid: aef2ab55c8abe8a488b394a411803c50,
        type: 3}
      propertyPath: m_LocalEulerAnglesHint.y
      value: 0
      objectReference: {fileID: 0}
    - target: {fileID: 1847154789273370103, guid: aef2ab55c8abe8a488b394a411803c50,
        type: 3}
      propertyPath: m_LocalEulerAnglesHint.z
      value: 0
      objectReference: {fileID: 0}
    - target: {fileID: 1847154789273370100, guid: aef2ab55c8abe8a488b394a411803c50,
        type: 3}
      propertyPath: canShoot
      value: 0
      objectReference: {fileID: 0}
    m_RemovedComponents: []
  m_SourcePrefab: {fileID: 100100000, guid: aef2ab55c8abe8a488b394a411803c50, type: 3}
--- !u!4 &8551850330862768920 stripped
Transform:
  m_CorrespondingSourceObject: {fileID: 1847154789273370103, guid: aef2ab55c8abe8a488b394a411803c50,
    type: 3}
  m_PrefabInstance: {fileID: 8001823339136757487}
  m_PrefabAsset: {fileID: 0}
--- !u!1001 &8078223295272030604
PrefabInstance:
  m_ObjectHideFlags: 0
  serializedVersion: 2
  m_Modification:
    m_TransformParent: {fileID: 1916042342029361501}
    m_Modifications:
    - target: {fileID: 1847154789273370099, guid: aef2ab55c8abe8a488b394a411803c50,
        type: 3}
      propertyPath: m_Name
      value: Staphylococcus aureus (7)
      objectReference: {fileID: 0}
    - target: {fileID: 1847154789273370103, guid: aef2ab55c8abe8a488b394a411803c50,
        type: 3}
      propertyPath: m_LocalPosition.x
      value: -1.6
      objectReference: {fileID: 0}
    - target: {fileID: 1847154789273370103, guid: aef2ab55c8abe8a488b394a411803c50,
        type: 3}
      propertyPath: m_LocalPosition.y
      value: 2.0417135
      objectReference: {fileID: 0}
    - target: {fileID: 1847154789273370103, guid: aef2ab55c8abe8a488b394a411803c50,
        type: 3}
      propertyPath: m_LocalPosition.z
      value: 0
      objectReference: {fileID: 0}
    - target: {fileID: 1847154789273370103, guid: aef2ab55c8abe8a488b394a411803c50,
        type: 3}
      propertyPath: m_LocalRotation.x
      value: -0
      objectReference: {fileID: 0}
    - target: {fileID: 1847154789273370103, guid: aef2ab55c8abe8a488b394a411803c50,
        type: 3}
      propertyPath: m_LocalRotation.y
      value: -0
      objectReference: {fileID: 0}
    - target: {fileID: 1847154789273370103, guid: aef2ab55c8abe8a488b394a411803c50,
        type: 3}
      propertyPath: m_LocalRotation.z
      value: -0
      objectReference: {fileID: 0}
    - target: {fileID: 1847154789273370103, guid: aef2ab55c8abe8a488b394a411803c50,
        type: 3}
      propertyPath: m_LocalRotation.w
      value: 1
      objectReference: {fileID: 0}
    - target: {fileID: 1847154789273370103, guid: aef2ab55c8abe8a488b394a411803c50,
        type: 3}
      propertyPath: m_RootOrder
      value: 7
      objectReference: {fileID: 0}
    - target: {fileID: 1847154789273370103, guid: aef2ab55c8abe8a488b394a411803c50,
        type: 3}
      propertyPath: m_LocalEulerAnglesHint.x
      value: 0
      objectReference: {fileID: 0}
    - target: {fileID: 1847154789273370103, guid: aef2ab55c8abe8a488b394a411803c50,
        type: 3}
      propertyPath: m_LocalEulerAnglesHint.y
      value: 0
      objectReference: {fileID: 0}
    - target: {fileID: 1847154789273370103, guid: aef2ab55c8abe8a488b394a411803c50,
        type: 3}
      propertyPath: m_LocalEulerAnglesHint.z
      value: 0
      objectReference: {fileID: 0}
    - target: {fileID: 1847154789273370100, guid: aef2ab55c8abe8a488b394a411803c50,
        type: 3}
      propertyPath: canShoot
      value: 0
      objectReference: {fileID: 0}
    m_RemovedComponents: []
  m_SourcePrefab: {fileID: 100100000, guid: aef2ab55c8abe8a488b394a411803c50, type: 3}
--- !u!4 &7618388765646875771 stripped
Transform:
  m_CorrespondingSourceObject: {fileID: 1847154789273370103, guid: aef2ab55c8abe8a488b394a411803c50,
    type: 3}
  m_PrefabInstance: {fileID: 8078223295272030604}
  m_PrefabAsset: {fileID: 0}
--- !u!1001 &8323071021565413261
PrefabInstance:
  m_ObjectHideFlags: 0
  serializedVersion: 2
  m_Modification:
    m_TransformParent: {fileID: 1916042342029361501}
    m_Modifications:
    - target: {fileID: 1847154789273370099, guid: aef2ab55c8abe8a488b394a411803c50,
        type: 3}
      propertyPath: m_Name
      value: Staphylococcus aureus (11)
      objectReference: {fileID: 0}
    - target: {fileID: 1847154789273370103, guid: aef2ab55c8abe8a488b394a411803c50,
        type: 3}
      propertyPath: m_LocalPosition.x
      value: -0.94792664
      objectReference: {fileID: 0}
    - target: {fileID: 1847154789273370103, guid: aef2ab55c8abe8a488b394a411803c50,
        type: 3}
      propertyPath: m_LocalPosition.y
      value: 1.54
      objectReference: {fileID: 0}
    - target: {fileID: 1847154789273370103, guid: aef2ab55c8abe8a488b394a411803c50,
        type: 3}
      propertyPath: m_LocalPosition.z
      value: 0
      objectReference: {fileID: 0}
    - target: {fileID: 1847154789273370103, guid: aef2ab55c8abe8a488b394a411803c50,
        type: 3}
      propertyPath: m_LocalRotation.x
      value: -0
      objectReference: {fileID: 0}
    - target: {fileID: 1847154789273370103, guid: aef2ab55c8abe8a488b394a411803c50,
        type: 3}
      propertyPath: m_LocalRotation.y
      value: -0
      objectReference: {fileID: 0}
    - target: {fileID: 1847154789273370103, guid: aef2ab55c8abe8a488b394a411803c50,
        type: 3}
      propertyPath: m_LocalRotation.z
      value: -0
      objectReference: {fileID: 0}
    - target: {fileID: 1847154789273370103, guid: aef2ab55c8abe8a488b394a411803c50,
        type: 3}
      propertyPath: m_LocalRotation.w
      value: 1
      objectReference: {fileID: 0}
    - target: {fileID: 1847154789273370103, guid: aef2ab55c8abe8a488b394a411803c50,
        type: 3}
      propertyPath: m_RootOrder
      value: 11
      objectReference: {fileID: 0}
    - target: {fileID: 1847154789273370103, guid: aef2ab55c8abe8a488b394a411803c50,
        type: 3}
      propertyPath: m_LocalEulerAnglesHint.x
      value: 0
      objectReference: {fileID: 0}
    - target: {fileID: 1847154789273370103, guid: aef2ab55c8abe8a488b394a411803c50,
        type: 3}
      propertyPath: m_LocalEulerAnglesHint.y
      value: 0
      objectReference: {fileID: 0}
    - target: {fileID: 1847154789273370103, guid: aef2ab55c8abe8a488b394a411803c50,
        type: 3}
      propertyPath: m_LocalEulerAnglesHint.z
      value: 0
      objectReference: {fileID: 0}
    - target: {fileID: 1847154789273370100, guid: aef2ab55c8abe8a488b394a411803c50,
        type: 3}
      propertyPath: canShoot
      value: 0
      objectReference: {fileID: 0}
    m_RemovedComponents: []
  m_SourcePrefab: {fileID: 100100000, guid: aef2ab55c8abe8a488b394a411803c50, type: 3}
--- !u!4 &7647980238735800954 stripped
Transform:
  m_CorrespondingSourceObject: {fileID: 1847154789273370103, guid: aef2ab55c8abe8a488b394a411803c50,
    type: 3}
  m_PrefabInstance: {fileID: 8323071021565413261}
  m_PrefabAsset: {fileID: 0}
--- !u!1001 &8361257520660621028
PrefabInstance:
  m_ObjectHideFlags: 0
  serializedVersion: 2
  m_Modification:
    m_TransformParent: {fileID: 1916042342029361501}
    m_Modifications:
    - target: {fileID: 1847154789273370099, guid: aef2ab55c8abe8a488b394a411803c50,
        type: 3}
      propertyPath: m_Name
      value: Staphylococcus aureus (20)
      objectReference: {fileID: 0}
    - target: {fileID: 1847154789273370103, guid: aef2ab55c8abe8a488b394a411803c50,
        type: 3}
      propertyPath: m_LocalPosition.x
      value: 0.8920734
      objectReference: {fileID: 0}
    - target: {fileID: 1847154789273370103, guid: aef2ab55c8abe8a488b394a411803c50,
        type: 3}
      propertyPath: m_LocalPosition.y
      value: 1.8500001
      objectReference: {fileID: 0}
    - target: {fileID: 1847154789273370103, guid: aef2ab55c8abe8a488b394a411803c50,
        type: 3}
      propertyPath: m_LocalPosition.z
      value: 0
      objectReference: {fileID: 0}
    - target: {fileID: 1847154789273370103, guid: aef2ab55c8abe8a488b394a411803c50,
        type: 3}
      propertyPath: m_LocalRotation.x
      value: -0
      objectReference: {fileID: 0}
    - target: {fileID: 1847154789273370103, guid: aef2ab55c8abe8a488b394a411803c50,
        type: 3}
      propertyPath: m_LocalRotation.y
      value: -0
      objectReference: {fileID: 0}
    - target: {fileID: 1847154789273370103, guid: aef2ab55c8abe8a488b394a411803c50,
        type: 3}
      propertyPath: m_LocalRotation.z
      value: -0
      objectReference: {fileID: 0}
    - target: {fileID: 1847154789273370103, guid: aef2ab55c8abe8a488b394a411803c50,
        type: 3}
      propertyPath: m_LocalRotation.w
      value: 1
      objectReference: {fileID: 0}
    - target: {fileID: 1847154789273370103, guid: aef2ab55c8abe8a488b394a411803c50,
        type: 3}
      propertyPath: m_RootOrder
      value: 20
      objectReference: {fileID: 0}
    - target: {fileID: 1847154789273370103, guid: aef2ab55c8abe8a488b394a411803c50,
        type: 3}
      propertyPath: m_LocalEulerAnglesHint.x
      value: 0
      objectReference: {fileID: 0}
    - target: {fileID: 1847154789273370103, guid: aef2ab55c8abe8a488b394a411803c50,
        type: 3}
      propertyPath: m_LocalEulerAnglesHint.y
      value: 0
      objectReference: {fileID: 0}
    - target: {fileID: 1847154789273370103, guid: aef2ab55c8abe8a488b394a411803c50,
        type: 3}
      propertyPath: m_LocalEulerAnglesHint.z
      value: 0
      objectReference: {fileID: 0}
    - target: {fileID: 1847154789273370100, guid: aef2ab55c8abe8a488b394a411803c50,
        type: 3}
      propertyPath: canShoot
      value: 0
      objectReference: {fileID: 0}
    m_RemovedComponents: []
  m_SourcePrefab: {fileID: 100100000, guid: aef2ab55c8abe8a488b394a411803c50, type: 3}
--- !u!4 &7902495822334843667 stripped
Transform:
  m_CorrespondingSourceObject: {fileID: 1847154789273370103, guid: aef2ab55c8abe8a488b394a411803c50,
    type: 3}
  m_PrefabInstance: {fileID: 8361257520660621028}
  m_PrefabAsset: {fileID: 0}
--- !u!1001 &8643494995910739556
PrefabInstance:
  m_ObjectHideFlags: 0
  serializedVersion: 2
  m_Modification:
    m_TransformParent: {fileID: 1916042342029361501}
    m_Modifications:
    - target: {fileID: 1847154789273370099, guid: aef2ab55c8abe8a488b394a411803c50,
        type: 3}
      propertyPath: m_Name
      value: Staphylococcus aureus (9)
      objectReference: {fileID: 0}
    - target: {fileID: 1847154789273370103, guid: aef2ab55c8abe8a488b394a411803c50,
        type: 3}
      propertyPath: m_LocalPosition.x
      value: -1.5379268
      objectReference: {fileID: 0}
    - target: {fileID: 1847154789273370103, guid: aef2ab55c8abe8a488b394a411803c50,
        type: 3}
      propertyPath: m_LocalPosition.y
      value: 2.87
      objectReference: {fileID: 0}
    - target: {fileID: 1847154789273370103, guid: aef2ab55c8abe8a488b394a411803c50,
        type: 3}
      propertyPath: m_LocalPosition.z
      value: 0
      objectReference: {fileID: 0}
    - target: {fileID: 1847154789273370103, guid: aef2ab55c8abe8a488b394a411803c50,
        type: 3}
      propertyPath: m_LocalRotation.x
      value: -0
      objectReference: {fileID: 0}
    - target: {fileID: 1847154789273370103, guid: aef2ab55c8abe8a488b394a411803c50,
        type: 3}
      propertyPath: m_LocalRotation.y
      value: -0
      objectReference: {fileID: 0}
    - target: {fileID: 1847154789273370103, guid: aef2ab55c8abe8a488b394a411803c50,
        type: 3}
      propertyPath: m_LocalRotation.z
      value: -0
      objectReference: {fileID: 0}
    - target: {fileID: 1847154789273370103, guid: aef2ab55c8abe8a488b394a411803c50,
        type: 3}
      propertyPath: m_LocalRotation.w
      value: 1
      objectReference: {fileID: 0}
    - target: {fileID: 1847154789273370103, guid: aef2ab55c8abe8a488b394a411803c50,
        type: 3}
      propertyPath: m_RootOrder
      value: 9
      objectReference: {fileID: 0}
    - target: {fileID: 1847154789273370103, guid: aef2ab55c8abe8a488b394a411803c50,
        type: 3}
      propertyPath: m_LocalEulerAnglesHint.x
      value: 0
      objectReference: {fileID: 0}
    - target: {fileID: 1847154789273370103, guid: aef2ab55c8abe8a488b394a411803c50,
        type: 3}
      propertyPath: m_LocalEulerAnglesHint.y
      value: 0
      objectReference: {fileID: 0}
    - target: {fileID: 1847154789273370103, guid: aef2ab55c8abe8a488b394a411803c50,
        type: 3}
      propertyPath: m_LocalEulerAnglesHint.z
      value: 0
      objectReference: {fileID: 0}
    - target: {fileID: 1847154789273370100, guid: aef2ab55c8abe8a488b394a411803c50,
        type: 3}
      propertyPath: canShoot
      value: 0
      objectReference: {fileID: 0}
    m_RemovedComponents: []
  m_SourcePrefab: {fileID: 100100000, guid: aef2ab55c8abe8a488b394a411803c50, type: 3}
--- !u!4 &7949334489558989715 stripped
Transform:
  m_CorrespondingSourceObject: {fileID: 1847154789273370103, guid: aef2ab55c8abe8a488b394a411803c50,
    type: 3}
  m_PrefabInstance: {fileID: 8643494995910739556}
  m_PrefabAsset: {fileID: 0}
--- !u!1001 &9077090350903244321
PrefabInstance:
  m_ObjectHideFlags: 0
  serializedVersion: 2
  m_Modification:
    m_TransformParent: {fileID: 1916042342029361501}
    m_Modifications:
    - target: {fileID: 1847154789273370099, guid: aef2ab55c8abe8a488b394a411803c50,
        type: 3}
      propertyPath: m_Name
      value: Staphylococcus aureus (21)
      objectReference: {fileID: 0}
    - target: {fileID: 1847154789273370103, guid: aef2ab55c8abe8a488b394a411803c50,
        type: 3}
      propertyPath: m_LocalPosition.x
      value: 0.04
      objectReference: {fileID: 0}
    - target: {fileID: 1847154789273370103, guid: aef2ab55c8abe8a488b394a411803c50,
        type: 3}
      propertyPath: m_LocalPosition.y
      value: 1.8500001
      objectReference: {fileID: 0}
    - target: {fileID: 1847154789273370103, guid: aef2ab55c8abe8a488b394a411803c50,
        type: 3}
      propertyPath: m_LocalPosition.z
      value: 0
      objectReference: {fileID: 0}
    - target: {fileID: 1847154789273370103, guid: aef2ab55c8abe8a488b394a411803c50,
        type: 3}
      propertyPath: m_LocalRotation.x
      value: -0
      objectReference: {fileID: 0}
    - target: {fileID: 1847154789273370103, guid: aef2ab55c8abe8a488b394a411803c50,
        type: 3}
      propertyPath: m_LocalRotation.y
      value: -0
      objectReference: {fileID: 0}
    - target: {fileID: 1847154789273370103, guid: aef2ab55c8abe8a488b394a411803c50,
        type: 3}
      propertyPath: m_LocalRotation.z
      value: -0
      objectReference: {fileID: 0}
    - target: {fileID: 1847154789273370103, guid: aef2ab55c8abe8a488b394a411803c50,
        type: 3}
      propertyPath: m_LocalRotation.w
      value: 1
      objectReference: {fileID: 0}
    - target: {fileID: 1847154789273370103, guid: aef2ab55c8abe8a488b394a411803c50,
        type: 3}
      propertyPath: m_RootOrder
      value: 21
      objectReference: {fileID: 0}
    - target: {fileID: 1847154789273370103, guid: aef2ab55c8abe8a488b394a411803c50,
        type: 3}
      propertyPath: m_LocalEulerAnglesHint.x
      value: 0
      objectReference: {fileID: 0}
    - target: {fileID: 1847154789273370103, guid: aef2ab55c8abe8a488b394a411803c50,
        type: 3}
      propertyPath: m_LocalEulerAnglesHint.y
      value: 0
      objectReference: {fileID: 0}
    - target: {fileID: 1847154789273370103, guid: aef2ab55c8abe8a488b394a411803c50,
        type: 3}
      propertyPath: m_LocalEulerAnglesHint.z
      value: 0
      objectReference: {fileID: 0}
    - target: {fileID: 1847154789273370100, guid: aef2ab55c8abe8a488b394a411803c50,
        type: 3}
      propertyPath: canShoot
      value: 0
      objectReference: {fileID: 0}
    m_RemovedComponents: []
  m_SourcePrefab: {fileID: 100100000, guid: aef2ab55c8abe8a488b394a411803c50, type: 3}
--- !u!4 &7231132740823436246 stripped
Transform:
  m_CorrespondingSourceObject: {fileID: 1847154789273370103, guid: aef2ab55c8abe8a488b394a411803c50,
    type: 3}
  m_PrefabInstance: {fileID: 9077090350903244321}
  m_PrefabAsset: {fileID: 0}
